
@misc{CenterforHistoryandNewMediaZoteroQuickStart,
  title = {Zotero {{Quick Start Guide}}},
  howpublished = {http://zotero.org/support/quick\_start\_guide},
  author = {{Center for History and New Media}}
}

@misc{TimFarronquits2017,
  title = {Tim {{Farron}} Quits as {{Lib Dem}} Leader},
  abstract = {Tim Farron has resigned as~leader of the Liberal Democrats, following a furore over his beliefs concerning gay sex. The politician admitted some of his comments concerning the matter could have been wiser \textendash~when asked if homosexuality is a sin he had previously responded: ``We are all sinners.'' After the matter refused to go away and surfaced again during the election campaign, Mr Farron said it had felt ``impossible''~to be both Lib Dem leader and a Christian.},
  language = {en},
  howpublished = {http://www.independent.co.uk/news/uk/politics/tim-farron-resigns-liberal-democrats-leader-election-statement-announcement-a7790396.html},
  journal = {The Independent},
  month = jun,
  year = {2017},
  file = {/Users/raviwoods/Zotero/storage/IAWYRAYV/tim-farron-resigns-liberal-democrats-leader-election-statement-announcement-a7790396.html}
}


