
@online{CenterforHistoryandNewMediaZoteroQuickStart,
  title = {Zotero {{Quick Start Guide}}},
  url = {http://zotero.org/support/quick_start_guide},
  author = {{Center for History and New Media}}
}

@online{TimFarronquits2017,
  langid = {english},
  title = {Tim {{Farron}} Quits as {{Lib Dem}} Leader},
  url = {http://www.independent.co.uk/news/uk/politics/tim-farron-resigns-liberal-democrats-leader-election-statement-announcement-a7790396.html},
  abstract = {Tim Farron has resigned as~leader of the Liberal Democrats, following a furore over his beliefs concerning gay sex. The politician admitted some of his comments concerning the matter could have been wiser –~when asked if homosexuality is a sin he had previously responded: “We are all sinners.” After the matter refused to go away and surfaced again during the election campaign, Mr Farron said it had felt “impossible”~to be both Lib Dem leader and a Christian.},
  journaltitle = {The Independent},
  urldate = {2018-03-29},
  date = {2017-06-14T18:27:59+01:00},
  file = {/Users/raviwoods/Zotero/storage/IAWYRAYV/tim-farron-resigns-liberal-democrats-leader-election-statement-announcement-a7790396.html}
}


